<record><leader>00000cas a22000007a 4500</leader><controlfield tag="001">37278623</controlfield><controlfield tag="008">970711d19uu19uuokuwr n       0    0eng d</controlfield><datafield ind1=" " ind2=" " tag="010"><subfield code="a">sn 97070036 </subfield></datafield><datafield ind1=" " ind2=" " tag="040"><subfield code="a">OBN</subfield><subfield code="b">eng</subfield><subfield code="c">OBN</subfield><subfield code="d">OCLCQ</subfield><subfield code="d">OCLCF</subfield><subfield code="d">OCLCO</subfield></datafield><datafield ind1="1" ind2=" " tag="029"><subfield code="a">AU@</subfield><subfield code="b">000013335599</subfield></datafield><datafield ind1=" " ind2=" " tag="042"><subfield code="a">msc</subfield></datafield><datafield ind1=" " ind2=" " tag="043"><subfield code="a">n-us-ok</subfield></datafield><datafield ind1="0" ind2=" " tag="130"><subfield code="a">McAlester wasp (McAlester, Okla.)</subfield></datafield><datafield ind1="1" ind2="4" tag="245"><subfield code="a">The McAlester wasp.</subfield></datafield><datafield ind1="3" ind2=" " tag="246"><subfield code="a">Wasp</subfield></datafield><datafield ind1=" " ind2=" " tag="260"><subfield code="a">McAlester, I.T. [Okla.] :</subfield><subfield code="b">John W. Edgell</subfield></datafield><datafield ind1=" " ind2=" " tag="300"><subfield code="a">v.</subfield></datafield><datafield ind1=" " ind2=" " tag="310"><subfield code="a">Weekly</subfield></datafield><datafield ind1=" " ind2=" " tag="588"><subfield code="a">Description based on: Vol. 10 (July 16, 1910).</subfield></datafield><datafield ind1=" " ind2="0" tag="651"><subfield code="a">McAlester (Okla.)</subfield><subfield code="v">Newspapers.</subfield></datafield><datafield ind1=" " ind2="0" tag="651"><subfield code="a">Pittsburg County (Okla.)</subfield><subfield code="v">Newspapers.</subfield></datafield><datafield ind1=" " ind2="7" tag="655"><subfield code="a">Newspapers.</subfield><subfield code="2">fast</subfield><subfield code="0">(OCoLC)fst01423814</subfield></datafield><datafield ind1=" " ind2="7" tag="651"><subfield code="a">Oklahoma</subfield><subfield code="z">McAlester.</subfield><subfield code="2">fast</subfield><subfield code="0">(OCoLC)fst01206630</subfield></datafield><datafield ind1=" " ind2="7" tag="651"><subfield code="a">Oklahoma</subfield><subfield code="z">Pittsburg County.</subfield><subfield code="2">fast</subfield><subfield code="0">(OCoLC)fst01203141</subfield></datafield><datafield ind1=" " ind2=" " tag="752"><subfield code="a">United States</subfield><subfield code="b">Oklahoma</subfield><subfield code="c">Pittsburg</subfield><subfield code="d">McAlester.</subfield></datafield><datafield ind1="0" ind2="0" tag="780"><subfield code="t">Daily wasp</subfield><subfield code="w">(DLC)sn 97070035</subfield><subfield code="w">(OCoLC)37278540</subfield></datafield></record>